@Book{book_1,
author = {John Bird},
ALTeditor = {},
title = {HIGHER ENGINEERING MATHEMATICS, Sixth Edition},
publisher = {Elsevier Ltd},
year = {2010},
OPTkey = {•},
OPTvolume = {•},
OPTnumber = {•},
OPTseries = {•},
OPTaddress = {•},
OPTedition = {English},
OPTmonth = {•},
OPTnote = {•},
OPTannote = {•}
}

@Book{book_2,
author = {PAUL A. TIPLER and GENE MOSCA},
ALTeditor = {},
title = {PHYSICS FOR SCIENTISTS AND ENGINEERS, Extended Version fifth edition},
publisher = {W. H. Freeman and Company},
year = {1999},
OPTkey = {•},
OPTvolume = {•},
OPTnumber = {•},
OPTseries = {•},
OPTaddress = {•},
OPTedition = {English},
OPTmonth = {•},
OPTnote = {•},
OPTannote = {•}
}

@Book{book_3,
author = {JEARL WALKER David Halliday Resnick},
ALTeditor = {},
title = {FUNDAMENTALS OF PHYSICS, Halliday and Resnick 10th edition},
publisher = {John Wiley and Sons, Inc},
year = {2014},
OPTkey = {•},
OPTvolume = {•},
OPTnumber = {•},
OPTseries = {•},
OPTaddress = {•},
OPTedition = {English},
OPTmonth = {•},
OPTnote = {•},
OPTannote = {•}
}

@Book{book_4,
author = {Richard C. Dorf Robert H. Bishop},
ALTeditor = {},
title = {Modern Control Systems, Thirteenth Edition},
publisher = {Pearson Education, Inc},
year = {2017},
OPTkey = {•},
OPTvolume = {•},
OPTnumber = {•},
OPTseries = {•},
OPTaddress = {•},
OPTedition = {English},
OPTmonth = {•},
OPTnote = {•},
OPTannote = {•}
}

@Book{book_5,
author = {Glyn James},
ALTeditor = {},
title = {MODERN ENGINEERING MATHEMATICS, Fifth Edition},
publisher = {PEARSON EDUCATION LIMITED},
year = {2015},
OPTkey = {•},
OPTvolume = {•},
OPTnumber = {•},
OPTseries = {•},
OPTaddress = {•},
OPTedition = {English},
OPTmonth = {•},
OPTnote = {•},
OPTannote = {•}
}

@Book{book_6,
author = {Stephen Hawking},
ALTeditor = {},
title = {AOS OMBROS de GIGANTES},
publisher = {Texto Editores, Lda},
year = {2017},
OPTkey = {•},
OPTvolume = {•},
OPTnumber = {•},
OPTseries = {•},
OPTaddress = {•},
OPTedition = {English},
OPTmonth = {•},
OPTnote = {•},
OPTannote = {•}
}

@Book{book_7,
author = {Maria Natália Cruz Isabel Pinheiro Martins Anabela Martins},
ALTeditor = {},
title = {À Descoberta da Física 9º Ano de Escolaridade 1º. Volume},
publisher = {Porto Editora, Lda},
year = {1993},
OPTkey = {•},
OPTvolume = {•},
OPTnumber = {•},
OPTseries = {•},
OPTaddress = {•},
OPTedition = {English},
OPTmonth = {•},
OPTnote = {•},
OPTannote = {•}
}

@Book{book_8,
author = {Katsuhiko Ogata},
ALTeditor = {•},
title = {Modern Control Engineering Fifth Edition},
publisher = {Prentice Hall},
year = {2010},
OPTkey = {•},
OPTvolume = {•},
OPTnumber = {•},
OPTseries = {•},
OPTaddress = {•},
OPTedition = {English},
OPTmonth = {•},
OPTnote = {•},
OPTannote = {•}
}

Book{book_9,
author = {Paul A. Tipler Gene Mosca},
ALTeditor = {•},
title = {PHYSICS FOR SCIENTISTS AND ENGINEERS fifth edition, extended version},
publisher = {Freeman \& Company},
year = {1999},
OPTkey = {•},
OPTvolume = {•},
OPTnumber = {•},
OPTseries = {•},
OPTaddress = {•},
OPTedition = {English},
OPTmonth = {•},
OPTnote = {•},
OPTannote = {•}
}

Book{book_10,
author = {SARRA KESSLER},
ALTeditor = {SARRA KESSLER},
title = {Gigged THE END OF THE JOB AND THE FUTURE OF WORK},
publisher = {St Martin's Press},
year = {2018},
OPTkey = {•},
OPTvolume = {•},
OPTnumber = {•},
OPTseries = {•},
OPTaddress = {•},
OPTedition = {English},
OPTmonth = {•},
OPTnote = {•},
OPTannote = {•}
}

Book{book_11,
	author = {CATHERINE HUGUET},
	ALTeditor = {Francisco Lyon de Castro},
	title = {COMO REDIGIR UM CURRICULUM VITAE},
	publisher = {PUBLICAÇÕES EUROPA-AMÉRICA, LDA},
	year = {2002},
	OPTkey = {•},
	OPTvolume = {•},
	OPTnumber = {•},
	OPTseries = {•},
	OPTaddress = {•},
	OPTedition = {English},
	OPTmonth = {•},
	OPTnote = {•},
	OPTannote = {•}
}

Book{book_12,
author = {John Bird},
ALTeditor = {},
title = {HIGHER ENGINEERING MATHEMATICS, Fifth Edition},
publisher = {Elsevier Ltd},
year = {2006},
OPTkey = {•},
OPTvolume = {•},
OPTnumber = {•},
OPTseries = {•},
OPTaddress = {•},
OPTedition = {English},
OPTmonth = {•},
OPTnote = {•},
OPTannote = {•}
}

Article{article_1,
author = {Robert Grundke Luca Marcolin The Linh Bao Nguyen Mariagrazia Aquicciarini},
ALTeditor = {},
title = {OECD Science, Technology and Industry Working Papers 2018/09},
publisher = {OECD/OCDE},
year = {2018},
journal = {•},
OPTkey = {•},
OPTvolume = {•},
OPTnumber = {•},
OPTseries = {•},
OPTaddress = {•},
OPTedition = {•},
OPTmonth = {•},
OPTnote = {•},
OPTannote = {•}
}

Article{article_2,
	author = {},
	ALTeditor = {},
	title = {Tabela de vencimentos para 2018},
	publisher = {},
	year = {2018},
	journal = {•},
	OPTkey = {•},
	OPTvolume = {•},
	OPTnumber = {•},
	OPTseries = {•},
	OPTaddress = {•},
	OPTedition = {English},
	OPTmonth = {•},
	OPTnote = {•},
	OPTannote = {•}
}

Article{article_3,
	author = {Rui Mendes João Fernandes Carlota Silva},
	ALTeditor = {},
	title = {EVOLUÇÃO SALARIAL DOS DIPLOMADOS DO IST valores de 2011},
	publisher = {},
	year = {2011},
	journal = {•},
	OPTkey = {•},
	OPTvolume = {•},
	OPTnumber = {•},
	OPTseries = {•},
	OPTaddress = {•},
	OPTedition = {•},
	OPTmonth = {•},
	OPTnote = {•},
	OPTannote = {•}
}
