@Book{book-1,
	author = {John Bird},
	title = {HIGHER ENGINEERING MATHEMATICS, Sixth Edition},
	publisher = {Elsevier Ltd},
	year = {2010},
	ALTeditor = {•},
	OPTkey = {•},
	OPTvolume = {•},
	OPTnumber = {•},
	OPTseries = {•},
	OPTaddress = {•},
	OPTedition = {•},
	OPTmonth = {•},
	OPTnote = {•},
	OPTannote = {•}
}

@Book{book-2,
	author = {PAUL A. TIPLER and GENE MOSCA},
	title = {PHYSICS FOR SCIENTISTS AND ENGINEERS, Extended Version fifth edition},
	publisher = {W. H. Freeman and Company},
	year = {1999},
	ALTeditor = {•},
	OPTkey = {•},
	OPTvolume = {•},
	OPTnumber = {•},
	OPTseries = {•},
	OPTaddress = {•},
	OPTedition = {•},
	OPTmonth = {•},
	OPTnote = {•},
	OPTannote = {•}
}

@Book{book-3,
	author = {JEARL WALKER and David Halliday Resnick},
	title = {FUNDAMENTALS OF PHYSICS, Halliday and Resnick 10th edition},
	publisher = {John Wiley \& Sons, Inc},
	year = {2014},
	ALTeditor = {•},
	OPTkey = {•},
	OPTvolume = {•},
	OPTnumber = {•},
	OPTseries = {•},
	OPTaddress = {•},
	OPTedition = {•},
	OPTmonth = {•},
	OPTnote = {•},
	OPTannote = {•}
}

@Book{book-4,
	author = {Richard C. Dorf and Robert H. Bishop},
	title = {Modern Control Systems, Thirteenth Edition},
	publisher = {Pearson Education, Inc},
	year = {2017},
	ALTeditor = {•},
	OPTkey = {•},
	OPTvolume = {•},
	OPTnumber = {•},
	OPTseries = {•},
	OPTaddress = {•},
	OPTedition = {•},
	OPTmonth = {•},
	OPTnote = {•},
	OPTannote = {•}
}

@Book{book-5,
	author = {Glyn James},
	title = {MODERN ENGINEERING MATHEMATICS, Fifth Edition},
	publisher = {PEARSON EDUCATION LIMITED},
	year = {2015},
	ALTeditor = {•},
	OPTkey = {•},
	OPTvolume = {•},
	OPTnumber = {•},
	OPTseries = {•},
	OPTaddress = {•},
	OPTedition = {•},
	OPTmonth = {•},
	OPTnote = {•},
	OPTannote = {•}
}

@Book{book-6,
	author = {Stephen Hawking},
	title = {AOS OMBROS de GIGANTES},
	publisher = {Texto Editores, Lda},
	year = {2017},
	ALTeditor = {•},
	OPTkey = {•},
	OPTvolume = {•},
	OPTnumber = {•},
	OPTseries = {•},
	OPTaddress = {•},
	OPTedition = {•},
	OPTmonth = {•},
	OPTnote = {•},
	OPTannote = {•}
}

@Book{book-7,
	author = {Maria Natália Cruz and Isabel Pinheiro Martins and Anabela Martins},
	title = {À Descoberta da Física 9º Ano de Escolaridade 1º. Volume},
	publisher = {Porto Editora, Lda},
	year = {1993},
	ALTeditor = {•},
	OPTkey = {•},
	OPTvolume = {•},
	OPTnumber = {•},
	OPTseries = {•},
	OPTaddress = {•},
	OPTedition = {•},
	OPTmonth = {•},
	OPTnote = {•},
	OPTannote = {•}
}

@Book{book-8,
	author = {Katsuhiko Ogata},
	title = {Modern Control Engineering Fifth Edition},
	publisher = {Prentice Hall},
	year = {2010},
	ALTeditor = {•},
	ALTeditor = {•},
	OPTkey = {•},
	OPTvolume = {•},
	OPTnumber = {•},
	OPTseries = {•},
	OPTaddress = {•},
	OPTedition = {•},
	OPTmonth = {•},
	OPTnote = {•},
	OPTannote = {•}
}

Book{book-9,
	author = {•},
	title = {•},
	publisher = {•},
	year = {•},
	ALTeditor = {•},
	OPTkey = {•},
	OPTvolume = {•},
	OPTnumber = {•},
	OPTseries = {•},
	OPTaddress = {•},
	OPTedition = {•},
	OPTmonth = {•},
	OPTnote = {•},
	OPTannote = {•}
}

Book{book-10,
	author = {•},
	title = {•},
	publisher = {•},
	year = {•},
	ALTeditor = {•},
	OPTkey = {•},
	OPTvolume = {•},
	OPTnumber = {•},
	OPTseries = {•},
	OPTaddress = {•},
	OPTedition = {•},
	OPTmonth = {•},
	OPTnote = {•},
	OPTannote = {•}
}

Book{book-11,
	author = {•},
	title = {•},
	publisher = {•},
	year = {•},
	ALTeditor = {•},
	OPTkey = {•},
	OPTvolume = {•},
	OPTnumber = {•},
	OPTseries = {•},
	OPTaddress = {•},
	OPTedition = {•},
	OPTmonth = {•},
	OPTnote = {•},
	OPTannote = {•}
}

Book{book-12,
	author = {•},
	title = {•},
	publisher = {•},
	year = {•},
	ALTeditor = {•},
	OPTkey = {•},
	OPTvolume = {•},
	OPTnumber = {•},
	OPTseries = {•},
	OPTaddress = {•},
	OPTedition = {•},
	OPTmonth = {•},
	OPTnote = {•},
	OPTannote = {•}
}

Article{article-1,
	author = {•},
	title = {•},
	publisher = {•},
	year = {•},
	ALTeditor = {•},
	journal = {•},
	OPTkey = {•},
	OPTvolume = {•},
	OPTnumber = {•},
	OPTseries = {•},
	OPTaddress = {•},
	OPTedition = {•},
	OPTmonth = {•},
	OPTnote = {•},
	OPTannote = {•}
}

Article{article-2,
	author = {•},
	title = {•},
	publisher = {•},
	year = {•},
	journal = {•},
	ALTeditor = {•},
	OPTkey = {•},
	OPTvolume = {•},
	OPTnumber = {•},
	OPTseries = {•},
	OPTaddress = {•},
	OPTedition = {•},
	OPTmonth = {•},
	OPTnote = {•},
	OPTannote = {•}
}

Article{article-3,
	author = {•},
	title = {•},
	publisher = {•},
	year = {•},
	journal = {•},
	ALTeditor = {•},
	OPTkey = {•},
	OPTvolume = {•},
	OPTnumber = {•},
	OPTseries = {•},
	OPTaddress = {•},
	OPTedition = {•},
	OPTmonth = {•},
	OPTnote = {•},
	OPTannote = {•}
}
