@Book{book-1,
	author = {John Bird},
	title = {HIGHER ENGINEERING MATHEMATICS, Sixth Edition},
	publisher = {Elsevier Ltd},
	year = {2010},
	ALTeditor = {•},
	language = {portuguese},
	OPTkey = {•},
	OPTvolume = {•},
	OPTnumber = {•},
	OPTseries = {•},
	OPTaddress = {•},
	OPTedition = {•},
	OPTmonth = {•},
	OPTnote = {•},
	OPTannote = {•}
}

@Book{book-2,
	author = {PAUL A. TIPLER and GENE MOSCA},
	title = {PHYSICS FOR SCIENTISTS AND ENGINEERS, Extended Version fifth edition},
	publisher = {W. H. Freeman and Company},
	year = {1999},
	ALTeditor = {•},
	language = {portuguese},
	OPTkey = {•},
	OPTvolume = {•},
	OPTnumber = {•},
	OPTseries = {•},
	OPTaddress = {•},
	OPTedition = {•},
	OPTmonth = {•},
	OPTnote = {•},
	OPTannote = {•}
}

@Book{book-3,
	author = {JEARL WALKER and David Halliday Resnick},
	title = {FUNDAMENTALS OF PHYSICS, Halliday and Resnick 10th edition},
	publisher = {John Wiley \& Sons, Inc},
	year = {2014},
	ALTeditor = {•},
	language = {portuguese},
	OPTkey = {•},
	OPTvolume = {•},
	OPTnumber = {•},
	OPTseries = {•},
	OPTaddress = {•},
	OPTedition = {•},
	OPTmonth = {•},
	OPTnote = {•},
	OPTannote = {•}
}

@Book{book-4,
	author = {Richard C. Dorf and Robert H. Bishop},
	title = {Modern Control Systems, Thirteenth Edition},
	publisher = {Pearson Education, Inc},
	year = {2017},
	ALTeditor = {•},
	language = {portuguese},
	OPTkey = {•},
	OPTvolume = {•},
	OPTnumber = {•},
	OPTseries = {•},
	OPTaddress = {•},
	OPTedition = {•},
	OPTmonth = {•},
	OPTnote = {•},
	OPTannote = {•}
}

@Book{book-5,
	author = {Glyn James},
	title = {MODERN ENGINEERING MATHEMATICS, Fifth Edition},
	publisher = {PEARSON EDUCATION LIMITED},
	year = {2015},
	ALTeditor = {•},
	language = {portuguese},
	OPTkey = {•},
	OPTvolume = {•},
	OPTnumber = {•},
	OPTseries = {•},
	OPTaddress = {•},
	OPTedition = {•},
	OPTmonth = {•},
	OPTnote = {•},
	OPTannote = {•}
}

Book{book-6,
	author = {Stephen Hawking},
	title = {AOS OMBROS de GIGANTES},
	publisher = {Texto Editores, Lda},
	year = {2017},
	ALTeditor = {•},
	language = {portuguese},
	OPTkey = {•},
	OPTvolume = {•},
	OPTnumber = {•},
	OPTseries = {•},
	OPTaddress = {•},
	OPTedition = {•},
	OPTmonth = {•},
	OPTnote = {•},
	OPTannote = {•}
}

Book{book-7,
	author = "Maria Natália Cruz and Isabel Pinheiro Martins and Anabela Martins",
	title = "À Descoberta da Física 9º Ano de Escolaridade 1º. Volume",
	publisher = "Porto Editora, Lda",
	year = "1993",
	ALTeditor = {•},
	language = {portuguese},
	OPTkey = {•},
	OPTvolume = {•},
	OPTnumber = {•},
	OPTseries = {•},
	OPTaddress = {•},
	OPTedition = {•},
	OPTmonth = {•},
	OPTnote = {•},
	OPTannote = {•}
}

@Book{book-8,
	author = {Katsuhiko Ogata},
	title = {Modern Control Engineering Fifth Edition},
	publisher = {Prentice Hall},
	year = {2010},
	ALTeditor = {•},
	language = {portuguese},
	ALTeditor = {•},
	OPTkey = {•},
	OPTvolume = {•},
	OPTnumber = {•},
	OPTseries = {•},
	OPTaddress = {•},
	OPTedition = {•},
	OPTmonth = {•},
	OPTnote = {•},
	OPTannote = {•}
}

@Book{book-9,
	author = {Stephen Beeby and Graham Ensell and Michael Kraft and Neil White},
	title = {MEMS Mechanical Sensors},
	publisher = {ARTECH HOUSE, INC},
	year = {2004},
	ALTeditor = {•},
	language = {•},
	OPTkey = {•},
	OPTvolume = {•},
	OPTnumber = {•},
	OPTseries = {•},
	OPTaddress = {•},
	OPTedition = {•},
	OPTmonth = {•},
	OPTnote = {•},
	OPTannote = {•}
}

@Book{book-10,
	author = {Andrea De Marcellis and Giuseppe Ferri},
	title = {Analog Circuits and Systems for Voltage-Mode and Current-Mode Sensor Interfacing Applications},
	publisher = {Springer},
	year = {2011},
	ALTeditor = {•},
	language = {•},
	OPTkey = {•},
	OPTvolume = {•},
	OPTnumber = {•},
	OPTseries = {•},
	OPTaddress = {•},
	OPTedition = {•},
	OPTmonth = {•},
	OPTnote = {•},
	OPTannote = {•}
}

@Book{book-11,
	author = {Steven F and Barret},
	title = {Embedded Systems Design with the Atmel AVR Microcontroller},
	publisher = {Morgan Claypool Publishers},
	year = {2009},
	ALTeditor = {•},
	language = {•},
	OPTkey = {•},
	OPTvolume = {•},
	OPTnumber = {•},
	OPTseries = {•},
	OPTaddress = {•},
	OPTedition = {•},
	OPTmonth = {•},
	OPTnote = {•},
	OPTannote = {•}
}

Book{book-12,
	author = {•},
	title = {•},
	publisher = {•},
	year = {•},
	ALTeditor = {•},
	language = {portuguese},
	OPTkey = {•},
	OPTvolume = {•},
	OPTnumber = {•},
	OPTseries = {•},
	OPTaddress = {•},
	OPTedition = {•},
	OPTmonth = {•},
	OPTnote = {•},
	OPTannote = {•}
}

InBook{dieter1997a,
	editor =       {Dieter, George~E. and others},
	title =        {Materials Selection and Design},
	chapter =      {Effects of Composition, Processing, and Structure onProperties of Engineering Plastics},
	publisher =    {ASM International},
	year =         1997,
	volume =       20,
	series =       {ASM Handbook},
	pages =        {434--456},
	language =     {english},
	isbn =         {0-87170-386-6}
}

Article{article-1,
	author = {Sérgio Santos},
	title = {Posicionamento Painel Fotovoltaico},
	publisher = {•},
	year = {2020},
	journal = {https://github.com/sergio1020881/LABSIS20202021},
	ALTeditor = {•},
	language = {portuguese},
	OPTkey = {•},
	OPTvolume = {•},
	OPTnumber = {•},
	OPTseries = {•},
	OPTaddress = {•},
	OPTedition = {•},
	OPTmonth = {•},
	OPTnote = {•},
	OPTannote = {•}
}

@ONLINE {article-1,
    url= {https://github.com/sergio1020881/LABSIS20202021},
    urldate = {2020-03-01},
    author = {Sérgio Santos},
    title = {Posicionamento Painel Fotovoltaico}
}

Article{article-2,
	author = {•},
	title = {•},
	publisher = {•},
	year = {•},
	journal = {•},
	ALTeditor = {•},
	language = {portuguese},
	OPTkey = {•},
	OPTvolume = {•},
	OPTnumber = {•},
	OPTseries = {•},
	OPTaddress = {•},
	OPTedition = {•},
	OPTmonth = {•},
	OPTnote = {•},
	OPTannote = {•}
}

Article{article-3,
	author = {•},
	title = {•},
	publisher = {•},
	year = {•},
	journal = {•},
	ALTeditor = {•},
	language = {portuguese},
	OPTkey = {•},
	OPTvolume = {•},
	OPTnumber = {•},
	OPTseries = {•},
	OPTaddress = {•},
	OPTedition = {•},
	OPTmonth = {•},
	OPTnote = {•},
	OPTannote = {•}
}

Article{abinger1988a,
	author =      {Abinger, R. and Hammer, F. and Leopold, J. and others},
	title =       {Gro"sschaden an einem 300"=MW"=Dampfturbosatz},
	journal =     {Der Maschinenschaden},
	year =        1988,
	volume =      61,
	number =      2,
	pages =       {58--60},
	language =    {ngerman},
}

Manual{baeker1998a,
	title =   {Automatische Neuvernetzung mit ABAQUS/Standard -- Technikund Anwendungen},
	author =  {B\"aker, M.},
	organization = {Institut f\"ur Werkstoffe, Technische Universit\"atBraunschweig},
	address =  {Braunschweig},
	month =  oct,
	year =  1998,
	language =  {ngerman}
}

TechReport{aurenhammer1996a,
	author =   {Aurenhammer, F. and Klein, R.},
	title =   {Voronoi Diagrams},
	institution =  {FernUniversit\"at Gesamthochschule in Hagen},
	year =   1996,
	number =  198,
	month =  5,
	language =  {english}
}